% Encoding: UTF-8
%% LaTeX2e file `paper.bib'
%% generated by the `filecontents' environment
%% from source `paper' on 2021/12/14.
%%
%-------------------------------------------------------------------------------
@Book{arpachiDusseau18:osbook,
  author =       {Arpaci-Dusseau, Remzi H. and Arpaci-Dusseau Andrea C.},
  title =        {Operating Systems: Three Easy Pieces},
  publisher =    {Arpaci-Dusseau Books, LLC},
  year =         2015,
  edition =      {1.00},
  note =         {\url{http://pages.cs.wisc.edu/~remzi/OSTEP/}}
}
@InProceedings{waldspurger02,
  author =       {Waldspurger, Carl A.},
  title =        {Memory resource management in {VMware ESX} server},
  booktitle =    {USENIX Symposium on Operating System Design and
                  Implementation (OSDI)},
  year =         2002,
  pages =        {181--194},
  note =         {\url{https://www.usenix.org/legacy/event/osdi02/tech/waldspurger/waldspurger.pdf}}}

@article{gugnani2020understanding,
  title={Understanding the idiosyncrasies of real persistent memory},
  author={Gugnani, Shashank and Kashyap, Arjun and Lu, Xiaoyi},
  journal={Proceedings of the VLDB Endowment},
  volume={14},
  number={4},
  pages={626--639},
  year={2020},
  publisher={VLDB Endowment}
}

@InProceedings{zardoshti20,
  author    = {Zardoshti, Pantea and Spear, Michael and Vosoughi, Aida and Swart, Garret},
  title     = {{Understanding and Improving Persistent Transactions on Optane™ DC Memory}},
  booktitle = {Proc. of IEEE IPDPS},
  year      = {2020},
}

@InProceedings{kim21,
  author    = {Kim, Wook-Hee and Krishnan, R Madhava and Fu, Xinwei and Kashyap, Sanidhya and Min, Changwoo},
  title     = {{PACTree: A High Performance Persistent Range Index Using PAC Guidelines}},
  booktitle = {Proc. of ACM SOSP},
  year      = {2021},
}

@InProceedings{kannan18,
  author    = {Kannan, Sudarsun and Bhat, Nitish and Gavrilovska, Ada and Arpaci-Dusseau, Andrea and Arpaci-Dusseau, Remzi},
  title     = {{Redesigning LSMs for Non-Volatile Memory with NoveLSM}},
  booktitle = {Proc. of USENIX ATC},
  year      = {2018},
}

@InProceedings{kaiyrakhmet19,
  author    = {Kaiyrakhmet, Olzhas and Lee, Songyi and Nam, Beomseok and Noh, Sam H and Choi, Young-ri},
  booktitle = {Proc. of USENIX FAST},
  title     = {{SLM-DB: Single-Level Key-Value Store with Persistent Memory}},
  year      = {2019},
}

@misc{li2017nvmrocks,
  title={NVMRocks: RocksDB on non-volatile memory systems},
  author={Li, Jianhong and Pavlo, Andrew and Dong, Siying},
  year={2017},
  publisher={Tech. Rep}
}

@InProceedings{yao20,
  author    = {Yao, Ting and Zhang, Yiwen and Wan, Jiguang and Cui, Qiu and Tang, Liu and Jiang, Hong and Xie, Changsheng and He, Xubin},
  title     = {{MatrixKV: Reducing Write Stalls and Write Amplification in LSM-tree Based KV Stores with Matrix Container in NVM}},
  booktitle = {Proc. of USENIX ATC},
  year      = {2020},
}

@InProceedings{yang20,
  author    = {Yang, Jian and Kim, Juno and Hoseinzadeh, Morteza and Izraelevitz, Joseph and Swanson, Steve},
  booktitle = {Proc. of USENIX FAST},
  title     = {{An Empirical Guide to the Behavior and Use of Scalable Persistent Memory}},
  year      = {2020},
  pages     = {169--182},
}

@InProceedings{chen20,
  author    = {Chen, Youmin and Lu, Youyou and Yang, Fan and Wang, Qing and Wang, Yang and Shu, Jiwu},
  title     = {{FlatStore: An Efficient Log-Structured Key-Value Storage Engine for Persistent Memory}},
  booktitle = {Proc. of ACM ALSPLOS},
  year      = {2020},
}

@InProceedings{zhang21,
  author    = {Zhang, Wenhui and Zhao, Xingsheng and Jiang, Song and Jiang, Hong},
  title     = {{ChameleonDB: A Key-Value Store for Optane Persistent Memory}},
  booktitle = {Proc. of ACM EuroSys},
  year      = {2021},
}

@article{bhaskaran2014bankshot,
  title={Bankshot: Caching slow storage in fast non-volatile memory},
  author={Bhaskaran, Meenakshi Sundaram and Xu, Jian and Swanson, Steven},
  journal={ACM SIGOPS Operating Systems Review},
  volume={48},
  number={1},
  pages={73--81},
  year={2014},
  publisher={ACM New York, NY, USA}
}

@InProceedings{kim14,
  author    = {Kim, Wook-Hee and Nam, Beomseo and Park, Dongil and Won, Youji},
  title     = {{Resolving Journaling of Journal Anomaly in Android I/O: Multi-Version B-Tree with Lazy Split}},
  booktitle = {Proc. of USENIX FAST},
  year      = {2014},
}

@article{wong2010phase,
  title={Phase change memory},
  author={Wong, H-S Philip and Raoux, Simone and Kim, SangBum and Liang, Jiale and Reifenberg, John P and Rajendran, Bipin and Asheghi, Mehdi and Goodson, Kenneth E},
  journal={Proceedings of the IEEE},
  volume={98},
  number={12},
  pages={2201--2227},
  year={2010},
  publisher={IEEE}
}

@article{raoux2008phase,
  title={Phase-change random access memory: A scalable technology},
  author={Raoux, Simone and Burr, Geoffrey W and Breitwisch, Matthew J and Rettner, Charles T and Chen, Y-C and Shelby, Robert M and Salinga, Martin and Krebs, Daniel and Chen, S-H and Lung, H-L and others},
  journal={IBM Journal of Research and Development},
  volume={52},
  number={4.5},
  pages={465--479},
  year={2008},
  publisher={IBM}
}

@InProceedings{baek04,
  author    = {Baek, IG and Lee, MS and Seo, S and Lee, MJ and Seo, DH and Suh, D-S and Park, JC and Park, SO and Kim, HS and Yoo, IK and others},
  title     = {{Highly Scalable Non-volatile Resistive Memory using Simple Binary Oxide Driven by Asymmetric Unipolar Voltage Pulses}},
  booktitle = {Proc. of IEEE IEDM},
  year      = {2004},
}

@Article{izraelevitz19,
  author  = {Izraelevitz, Joseph and Yang, Jian and Zhang, Lu and Kim, Juno and Liu, Xiao and Memaripour, Amirsaman and Soh, Yun Joon and Wang, Zixuan and Xu, Yi and Dulloor, Subramanya R and others},
  title   = {{Basic Performance Measurements of the Intel Optane DC Persistent Memory Module}},
  journal = {arXiv preprint arXiv:1903.05714},
  year    = {2019},
}

@article{lersch2019evaluating,
  title={Evaluating persistent memory range indexes},
  author={Lersch, Lucas and Hao, Xiangpeng and Oukid, Ismail and Wang, Tianzheng and Willhalm, Thomas},
  journal={Proceedings of the VLDB Endowment},
  volume={13},
  number={4},
  pages={574--587},
  year={2019},
  publisher={VLDB Endowment}
}

@Misc{eadr,
  title        = {{eADR: New Opportunities for Persistent Memory Applications}},
  howpublished = {\url{https://www.intel.com/content/www/us/en/developer/articles/technical/eadr-new-opportunities-for-persistent-memory-applications.html}},
  year         = {2021},
}

@Misc{thirdintel,
  title        = {{Third Generation Intel® Xeon® Processor Scalable Family Technical Overview}},
  howpublished = {\url{https://www.intel.com/content/www/us/en/developer/articles/technical/intel-xeon-processor-scalable-family-overview.html}},
  year         = {2021},
}

@Misc{noninclusivecache,
  title        = {{Intel® Xeon® Processor Scalable Family Technical Overview}},
  howpublished = {\url{https://www.intel.com/content/www/us/en/developer/articles/technical/xeon-processor-scalable-family-technical-overview.html}},
  year         = {2021},
}

@Misc{5318cachesize,
  title        = {{Third Generation Intel® Xeon® Processor SKU Stack with RCP}},
  howpublished = {\url{https://newsroom.intel.com/wp-content/uploads/sites/11/2021/05/3rd-Gen-Intel-Xeon-Scalable-Processor-SKU-Stack-with-RCP.pdf}},
  year         = {2021},
}

@Misc{ycsbc,
  title        = {{Yahoo! Cloud Serving Benchmark in C++}},
  howpublished = {\url{https://github.com/basicthinker/YCSB-C}},
  year         = {2021},
}

@article{o1996log,
  title={The log-structured merge-tree (LSM-tree)},
  author={O’Neil, Patrick and Cheng, Edward and Gawlick, Dieter and O’Neil, Elizabeth},
  journal={Acta Informatica},
  volume={33},
  number={4},
  pages={351--385},
  year={1996},
  publisher={Springer}
}

@inproceedings{eisenman2018reducing,
  title={Reducing DRAM footprint with NVM in Facebook},
  author={Eisenman, Assaf and Gardner, Darryl and AbdelRahman, Islam and Axboe, Jens and Dong, Siying and Hazelwood, Kim and Petersen, Chris and Cidon, Asaf and Katti, Sachin},
  booktitle={Proceedings of the Thirteenth EuroSys Conference},
  pages={1--13},
  year={2018}
}

@InProceedings{raju17,
  author    = {Raju, Pandian and Kadekodi, Rohan and Chidambaram, Vijay and Abraham, Ittai},
  title     = {{PebblesDB: Building Key-Value Stores using Fragmented Log-Structured Merge Trees}},
  booktitle = {Proc. of ACM SOSP},
  year      = {2017},
}

@InProceedings{sarkar20,
  author    = {Sarkar, Subhadeep and Papon, Tarikul Islam and Staratzis, Dimitris and Athanassoulis, Manos},
  title     = {{Lethe: A Tunable Delete-Aware LSM Engine}},
  booktitle = {Proc. of ACM SIGMOD},
  year      = {2020},
}

@InProceedings{chen20b,
  author    = {Chen, Hao and Ruan, Chaoyi and Li, Cheng and Ma, Xiaosong and Xu, Yinlong},
  title     = {{SpanDB: A Fast, Cost-Effective LSM-tree Based KV Store on Hybrid Storage}},
  booktitle = {Proc. of USENIX FAST},
  year      = {2021},
}

@Misc{leveldb,
  title        = {{LevelDB}},
  howpublished = {\url{https://github.com/google/leveldb}},
  year         = {2021},
}

@Misc{rocksdb,
  title        = {{RocksDB}},
  howpublished = {\url{https://github.com/facebook/rocksdb}},
  year         = {2021},
}

@Misc{Optane,
  Title                    = {{Intel® Optane™ Persistent Memory}},
  HowPublished             = {\url{https://www.intel.com/content/www/us/en/architecture-and-technology/optane-dc-persistent-memory.html}},
  Year                     = {2021}
}

@Misc{PMWatch,
  Title                    = {{Intel® PMWatch}},
  HowPublished             = {\url{https://github.com/intel/intel-pmwatch}},
  Year                     = {2021}
}

@article{rudoff2017persistent,
  title={Persistent memory programming},
  author={Rudoff, Andy},
  journal={Login: The Usenix Magazine},
  volume={42},
  number={2},
  pages={34--40},
  year={2017}
}

@InProceedings{xia17,
  author    = {Xia, Fei and Jiang, Dejun and Xiong, Jin and Sun, Ninghui},
  title     = {{HiKV: A Hybrid Index Key-Value Store for DRAM-NVM Memory Systems}},
  booktitle = {Proc. of USENIX ATC},
  year      = {2017},
}

@InProceedings{atikoglu12,
  author    = {Atikoglu, Berk and Xu, Yuehai and Frachtenberg, Eitan and Jiang, Song and Paleczny, Mike},
  title     = {Workload Analysis of A Large-Scale Key-Value Store},
  booktitle = {Proc. of ACM SIGMETRICS/Performance},
  year      = {2012},
}

@article{mohan1992aries,
  title={ARIES: A transaction recovery method supporting fine-granularity locking and partial rollbacks using write-ahead logging},
  author={Mohan, Chandrasekaran and Haderle, Don and Lindsay, Bruce and Pirahesh, Hamid and Schwarz, Peter},
  journal={ACM Transactions on Database Systems (TODS)},
  volume={17},
  number={1},
  pages={94--162},
  year={1992},
  publisher={ACM New York, NY, USA}
}

@InProceedings{huang18,
  author    = {Huang, Yihe and Pavlovic, Matej and Marathe, Virendra and Seltzer, Margo and Harris, Tim and Byan, Steve},
  title     = {{Closing the Performance Gap between Volatile and Persistent Key-Value Stores using Cross-Referencing Logs}},
  booktitle = {Proc. of USENIX ATC},
  year      = {2018},
}

@Article{benson21,
  author  = {Benson, Lawrence and Makait, Hendrik and Rabl, Tilmann},
  title   = {{Viper: An Efficient Hybrid PMem-DRAM Key-Value Store}},
  journal = {Proceedings of the VLDB Endowment},
  year    = {2021},
  volume  = {14},
  number  = {9},
  pages   = {1544--1556},
}

@article{decandia2007dynamo,
  title={Dynamo: Amazon's highly available key-value store},
  author={DeCandia, Giuseppe and Hastorun, Deniz and Jampani, Madan and Kakulapati, Gunavardhan and Lakshman, Avinash and Pilchin, Alex and Sivasubramanian, Swaminathan and Vosshall, Peter and Vogels, Werner},
  journal={ACM SIGOPS operating systems review},
  volume={41},
  number={6},
  pages={205--220},
  year={2007},
  publisher={ACM New York, NY, USA}
}

@inproceedings{ahmed2012scalable,
  title={Scalable inference in latent variable models},
  author={Ahmed, Amr and Aly, Moahmed and Gonzalez, Joseph and Narayanamurthy, Shravan and Smola, Alexander J},
  booktitle={Proceedings of the fifth ACM international conference on Web search and data mining},
  pages={123--132},
  year={2012}
}

@article{lakshman2010cassandra,
  title={Cassandra: a decentralized structured storage system},
  author={Lakshman, Avinash and Malik, Prashant},
  journal={ACM SIGOPS Operating Systems Review},
  volume={44},
  number={2},
  pages={35--40},
  year={2010},
  publisher={ACM New York, NY, USA}
}

@Article{chang08,
  author  = {Chang, Fay and Dean, Jeffrey and Ghemawat, Sanjay and Hsieh, Wilson C and Wallach, Deborah A and Burrows, Mike and Chandra, Tushar and Fikes, Andrew and Gruber, Robert E},
  title   = {{Bigtable: A Distributed Storage System for Structured Data}},
  journal = {ACM Transactions on Computer Systems (TOCS)},
  year    = {2008},
  volume  = {26},
  number  = {2},
  pages   = {1--26},
}

@InProceedings{jin17,
  author    = {Jin, Xin and Li, Xiaozhou and Zhang, Haoyu and Soul{\'e}, Robert and Lee, Jeongkeun and Foster, Nate and Kim, Changhoon and Stoica, Ion},
  title     = {{Netcache: Balancing Key-Value Stores with Fast In-Network Caching}},
  booktitle = {Proc. of ACM SOSP},
  year      = {2017},
}

@Misc{redis,
  title        = {{Redis}},
  howpublished = {\url{https://redis.io/}},
  year         = {2021},
}

@InProceedings{elyasi19,
  author    = {Elyasi, Nima and Choi, Changho and Sivasubramaniam, Anand},
  title     = {{Large-Scale Graph Processing on Emerging Storage Devices}},
  booktitle = {Proc. of USENIX FAST},
  year      = {2019},
}

@Article{matsunobu20,
  author  = {Matsunobu, Yoshinori and Dong, Siying and Lee, Herman},
  title   = {{MyRocks: LSM-Tree Database Storage Engine Serving Facebook's Social Graph}},
  journal = {Proceedings of the VLDB Endowment},
  year    = {2020},
  volume  = {13},
  number  = {12},
  pages   = {3217--3230},
}

@InProceedings{shi16,
  author    = {Shi, Jiaxin and Yao, Youyang and Chen, Rong and Chen, Haibo and Li, Feifei},
  title     = {{Fast and Concurrent RDF Queries with RDMA-based Distributed Graph Exploration}},
  booktitle = {Proc. of USENIX FAST},
  year      = {2016},
}

@InProceedings{sumbaly12,
  author    = {Sumbaly, Roshan and Kreps, Jay and Gao, Lei and Feinberg, Alex and Soman, Chinmay and Shah, Sam},
  title     = {{Serving Large-Scale Batch Computed Data with Project Voldemort.}},
  booktitle = {Proc. of USENIX FAST},
  year      = {2012},
}

@InProceedings{bronson13,
  author    = {Bronson, Nathan and Amsden, Zach and Cabrera, George and Chakka, Prasad and Dimov, Peter and Ding, Hui and Ferris, Jack and Giardullo, Anthony and Kulkarni, Sachin and Li, Harry and others},
  title     = {{TAO: Facebook’s Distributed Data Store for the Social Graph}},
  booktitle = {Proc. of USENIX ATC},
  year      = {2013},
}

@InProceedings{chen20c,
  author    = {Chen, Jiqiang and Chen, Liang and Wang, Sheng and Zhu, Guoyun and Sun, Yuanyuan and Liu, Huan and Li, Feifei},
  title     = {{HotRing: A Hotspot-Aware In-Memory Key-Value Store}},
  booktitle = {Proc. of USENIX FAST},
  year      = {2020},
}

@InProceedings{fan13,
  author    = {Fan, Bin and Andersen, David G and Kaminsky, Michael},
  title     = {{MemC3: Compact and Concurrent Memcache with Dumber Caching and Smarter Hashing}},
  booktitle = {Proc. of USENIX NSDI},
  year      = {2013},
}

@InProceedings{zhang21b,
  author    = {Zhang, Yinda and Liu, Zaoxing and Wang, Ruixin and Yang, Tong and Li, Jizhou and Miao, Ruijie and Liu, Peng and Zhang, Ruwen and Jiang, Junchen},
  title     = {{CocoSketch: High-Performance Sketch-based Measurement over Arbitrary Partial Key Query}},
  booktitle = {Proc. of ACM SIGCOMM},
  year      = {2021},
}

@InProceedings{li21,
  author    = {Li, Yongkun and Liu, Zhen and Lee, Patrick PC and Wu, Jiayu and Xu, Yinlong and Wu, Yi and Tang, Liu and Liu, Qi and Cui, Qiu},
  title     = {{Differentiated Key-Value Storage Management for Balanced I/O Performance}},
  booktitle = {Proc. of USENIX ATC},
  year      = {2021},
}

@InProceedings{li19,
  author    = {Li, Yongkun and Tian, Chengjin and Guo, Fan and Li, Cheng and Xu, Yinlong},
  title     = {{Elasticbf: Elastic Bloom Filter with Hotness Awareness for Boosting Read Performance in Large Key-Value Stores}},
  booktitle = {Proc. of USENIX ATC},
  year      = {2019},
}

@InProceedings{chan18,
  author    = {Chan, Helen HW and Liang, Chieh-Jan Mike and Li, Yongkun and He, Wenjia and Lee, Patrick PC and Zhu, Lianjie and Dong, Yaozu and Xu, Yinlong and Xu, Yu and Jiang, Jin and others},
  title     = {{HashKV: Enabling Efficient Updates in KV Storage via Hashing}},
  booktitle = {Proc. of USENIX ATC},
  year      = {2018},
}

@InProceedings{zhong21,
  author    = {Zhong, Wenshao and Chen, Chen and Wu, Xingbo and Jiang, Song},
  title     = {{REMIX: Efficient Range Query for LSM-trees}},
  booktitle = {Proc. of USENIX FAST},
  year      = {2021},
}

@InProceedings{shetty13,
  author    = {Shetty, Pradeep J and Spillane, Richard P and Malpani, Ravikant R and Andrews, Binesh and Seyster, Justin and Zadok, Erez},
  title     = {{Building Workload-Independent Storage with VT-Trees}},
  booktitle = {Proc. of USENIX FAST},
  year      = {2013},
}

@Misc{cat,
  title        = {{Introduction to Cache Allocation Technology in the Intel® Xeon® Processor E5 v4 Family}},
  howpublished = {\url{https://www.intel.com/content/www/us/en/developer/articles/technical/introduction-to-cache-allocation-technology.html?wapkw=intel%20cat}},
  year         = {2016},
}

@Article{akinaga10,
  author  = {Akinaga, Hiroyuki and Shima, Hisashi},
  title   = {{Resistive Random Access Memory (ReRAM) based on Metal Oxides}},
  journal = {Proceedings of the IEEE},
  year    = {2010},
  volume  = {98},
  number  = {12},
  pages   = {2237--2251},
}

@Article{hady17,
  author  = {Hady, Frank T and Foong, Annie and Veal, Bryan and Williams, Dan},
  title   = {{Platform Storage Performance with 3D XPoint Technology}},
  journal = {Proceedings of the IEEE},
  year    = {2017},
  volume  = {105},
  number  = {9},
  pages   = {1822--1833},
}

@InProceedings{yang21,
  author    = {Yang, Juncheng and Yue, Yao and Vinayak, Rashmi},
  title     = {{Segcache: A Memory-Efficient and Scalable In-Memory Key-Value Cache for Small Objects.}},
  booktitle = {Proc. of USENIX NSDI},
  year      = {2021},
}

@InProceedings{cooper10,
  author    = {Cooper, Brian F and Silberstein, Adam and Tam, Erwin and Ramakrishnan, Raghu and Sears, Russell},
  booktitle = {Proc. of ACM SOCC},
  title     = {{Benchmarking Cloud Serving Systems with YCSB}},
  year      = {2010},
}

@InProceedings{dayan18,
  author    = {Dayan, Niv and Idreos, Stratos},
  booktitle = {Proc. of ACM SIGMOD},
  title     = {{Dostoevsky: Better Space-Time Trade-Offs for LSM-Tree based Key-Value Stores via Adaptive Removal of Superfluous Merging}},
  year      = {2018},
}

@InProceedings{zuo18,
  author    = {Zuo, Pengfei and Hua, Yu and Wu, Jie},
  booktitle = {Proc. of USENIX OSDI},
  title     = {{Write-Optimized and High-Performance Hashing Index Scheme for Persistent Memory}},
  year      = {2018},
}

@Misc{cpl,
  title        = {{User Interface for Resource Control feature}},
  howpublished = {\url{https://www.kernel.org/doc/html/v5.9/x86/resctrl_ui.html#cache-pseudo-locking}},
  year         = {2016},
}

@Comment{jabref-meta: databaseType:bibtex;}
